@misc{tens,
      title={Tensor Comprehensions: Framework-Agnostic High-Performance Machine Learning Abstractions},
      author={Nicolas Vasilache and Oleksandr Zinenko and Theodoros Theodoridis and Priya Goyal and Zachary DeVito and William S. Moses and Sven Verdoolaege and Andrew Adams and Albert Cohen},
      year={2018},
      eprint={1802.04730},
      archivePrefix={arXiv},
      primaryClass={cs.PL},
      url={https://arxiv.org/abs/1802.04730},
}

@inproceedings{neu,
 author = {Chen, Tianqi and Zheng, Lianmin and Yan, Eddie and Jiang, Ziheng and Moreau, Thierry and Ceze, Luis and Guestrin, Carlos and Krishnamurthy, Arvind},
 booktitle = {Advances in Neural Information Processing Systems},
 editor = {S. Bengio and H. Wallach and H. Larochelle and K. Grauman and N. Cesa-Bianchi and R. Garnett},
 pages = {},
 publisher = {Curran Associates, Inc.},
 title = {Learning to Optimize Tensor Programs},
 url = {https://proceedings.neurips.cc/paper_files/paper/2018/file/8b5700012be65c9da25f49408d959ca0-Paper.pdf},
 volume = {31},
 year = {2018}
}

@inproceedings{bondhugula2008practical,
  title={A practical automatic polyhedral parallelizer and locality optimizer},
  author={Bondhugula, Uday and Hartono, Albert and Ramanujam, Jagannathan and Sadayappan, Ponnuswamy},
  booktitle={Proceedings of the 29th ACM SIGPLAN Conference on Programming Language Design and Implementation},
  pages={101--113},
  year={2008}
}

@misc{gaussjordan_video,
  author       = {MechTutor.com},
  title        = {Gauss-Jordan Method Tutorial - Step-By-Step Theory \& Python Code | Numerical Computing with Python},
  year         = {2020},
  url          = {https://www.youtube.com/watch?v=xOLJMKGNivU},
}
